<record xmlns="http://www.loc.gov/MARC21/slim" xmlns:xsi="http://www.w3.org/2001/XMLSchema-instance" xsi:schemaLocation="http://www.loc.gov/MARC21/slim http://www.loc.gov/standards/marcxml/schema/MARC21slim.xsd"><leader>02831nam a2200517   4500</leader><controlfield tag="001">3526713</controlfield><controlfield tag="003">NIC</controlfield><controlfield tag="006">m        d        </controlfield><controlfield tag="007">cr cn |||m|||a</controlfield><controlfield tag="008">150116s196u    sy      ob    000 0 ara c</controlfield><datafield ind1=" " ind2=" " tag="040"><subfield code="a">NNU</subfield><subfield code="b">eng</subfield><subfield code="e">rda</subfield><subfield code="c">NNU</subfield></datafield><datafield ind1="0" ind2="0" tag="050"><subfield code="a">PJ7543</subfield><subfield code="b">.K8</subfield></datafield><datafield ind1="1" ind2=" " tag="100"><subfield code="6">880-01</subfield><subfield code="a">Kurdi&#772;, Ah&#803;mad.</subfield></datafield><datafield ind1="1" ind2="3" tag="245"><subfield code="6">880-02</subfield><subfield code="a">al-Shu&#699;ara&#772;&#700; al-nawa&#772;bigh,</subfield><subfield code="b">&#699;ard&#803;, tah&#803;li&#772;l, dira&#772;sah naqd&#803;, khas&#803;a&#772;&#700;is&#803;. Imru&#700; al-Qays, Aws ibn H&#803;ajar, Zuhayr ibn Abi&#772; Sulma&#772;, al-Na&#772;bighah al-Dhubya&#772;ni&#772;</subfield><subfield code="c">[ta&#700;li&#772;f] Ah&#803;mad al-Kurdi&#772; [wa] Ah&#803;mad Mut&#803;a&#772;&#699; Qabba&#772;ni&#772;.</subfield></datafield><datafield ind1=" " ind2=" " tag="260"><subfield code="6">880-03</subfield><subfield code="a">[Dimashq] :</subfield><subfield code="b">[s.n.],</subfield><subfield code="c">[196-?]</subfield></datafield><datafield ind1=" " ind2=" " tag="300"><subfield code="a">online resource (358 pages)</subfield></datafield><datafield ind1=" " ind2=" " tag="336"><subfield code="a">text</subfield><subfield code="2">rdacontent</subfield></datafield><datafield ind1=" " ind2=" " tag="337"><subfield code="a">computer</subfield><subfield code="2">rdamedia</subfield></datafield><datafield ind1=" " ind2=" " tag="338"><subfield code="a">online resource</subfield><subfield code="2">rdacarrier</subfield></datafield><datafield ind1=" " ind2=" " tag="500"><subfield code="a">Part of the Arabic Collections Online (ACO) project, contributed by Cornell University Libraries.</subfield></datafield><datafield ind1=" " ind2=" " tag="504"><subfield code="a">Includes bibliographical references (pages 355-356).</subfield></datafield><datafield ind1=" " ind2=" " tag="533"><subfield code="a">Electronic reproduction.</subfield><subfield code="b">New York, N.Y. :</subfield><subfield code="c">New York University,</subfield><subfield code="d">2015.</subfield><subfield code="5">NNU</subfield></datafield><datafield ind1="0" ind2="0" tag="600"><subfield code="6">880-04</subfield><subfield code="a">Imru&#700; al-Qays,</subfield><subfield code="d">497-545.</subfield></datafield><datafield ind1="0" ind2="0" tag="600"><subfield code="6">880-05</subfield><subfield code="a">Aws ibn H&#803;ajar,</subfield><subfield code="d">active 6th century.</subfield></datafield><datafield ind1="0" ind2="0" tag="600"><subfield code="6">880-06</subfield><subfield code="a">Zuhayr ibn Abi&#772; Sulma&#769;.</subfield></datafield><datafield ind1="0" ind2="0" tag="600"><subfield code="6">880-07</subfield><subfield code="a">Na&#772;bighah al-Dhubya&#772;ni&#772;,</subfield><subfield code="d">active 6th century.</subfield></datafield><datafield ind1="0" ind2="7" tag="600"><subfield code="a">Aws ibn H&#803;ajar,</subfield><subfield code="d">active 6th century</subfield><subfield code="2">fast</subfield><subfield code="0">(OCoLC)fst01805995</subfield></datafield><datafield ind1="0" ind2="7" tag="600"><subfield code="a">Imru&#700; al-Qays,</subfield><subfield code="d">497-545</subfield><subfield code="2">fast</subfield><subfield code="0">(OCoLC)fst00171700</subfield></datafield><datafield ind1="0" ind2="7" tag="600"><subfield code="a">Na&#772;bighah al-Dhubya&#772;ni&#772;,</subfield><subfield code="d">active 6th century</subfield><subfield code="2">fast</subfield><subfield code="0">(OCoLC)fst01836669</subfield></datafield><datafield ind1="0" ind2="7" tag="600"><subfield code="a">Zuhayr ibn Abi&#772; Sulma&#769;.</subfield><subfield code="2">fast</subfield><subfield code="0">(OCoLC)fst00103355</subfield></datafield><datafield ind1="1" ind2=" " tag="700"><subfield code="6">880-08</subfield><subfield code="a">Qabba&#772;ni&#772;, Ah&#803;mad,</subfield><subfield code="e">author.</subfield></datafield><datafield ind1="2" ind2=" " tag="710"><subfield code="a">Cornell University.</subfield><subfield code="b">Libraries.</subfield></datafield><datafield ind1="0" ind2=" " tag="730"><subfield code="a">Arabic Collections Online.</subfield></datafield><datafield ind1="0" ind2="8" tag="776"><subfield code="i">Online version:</subfield><subfield code="a">Kurdi&#772;, Ah&#803;mad.</subfield><subfield code="t">Shu&#699;ara&#772;&#700; al-nawa&#772;bigh.</subfield><subfield code="d">[Dimashq? 196-?]</subfield><subfield code="w">(OCoLC)580297354</subfield></datafield><datafield ind1="0" ind2="8" tag="776"><subfield code="i">Print version:</subfield><subfield code="a">Kurdi&#772;, Ah&#803;mad.</subfield><subfield code="t">al-Shu&#699;ara&#772;&#700; al-nawa&#772;bigh</subfield><subfield code="w">(NIC)3526713</subfield><subfield code="w">(DLC)ne 67000030 </subfield><subfield code="w">(OCoLC)13120492</subfield></datafield><datafield ind1="4" ind2="0" tag="856"><subfield code="u">http://hdl.handle.net/2333.1/8w9gj09v</subfield></datafield><datafield ind1="1" ind2=" " tag="880"><subfield code="6">100-01/r</subfield><subfield code="a">&#1603;&#1585;&#1583;&#1610;&#1548; &#1571;&#1581;&#1605;&#1583;.</subfield></datafield><datafield ind1="1" ind2="3" tag="880"><subfield code="6">245-02/r</subfield><subfield code="a">&#1575;&#1604;&#1588;&#1593;&#1585;&#1575;&#1569; &#1575;&#1604;&#1606;&#1608;&#1575;&#1576;&#1594; :</subfield><subfield code="b">&#1593;&#1585;&#1590;&#1548; &#1578;&#1581;&#1604;&#1610;&#1604;&#1548; &#1583;&#1585;&#1575;&#1587;&#1577;&#1548; &#1606;&#1602;&#1590;&#1548; &#1582;&#1589;&#1575;&#1574;&#1589; : &#1575;&#1605;&#1585;&#1572; &#1575;&#1604;&#1602;&#1610;&#1587;&#1548; &#1571;&#1608;&#1587; &#1576;&#1606; &#1581;&#1580;&#1585;&#1548; &#1586;&#1607;&#1610;&#1585; &#1576;&#1606; &#1571;&#1576;&#1610; &#1587;&#1604;&#1605;&#1609;&#1548; &#1575;&#1604;&#1606;&#1575;&#1576;&#1594;&#1577; &#1575;&#1604;&#1584;&#1576;&#1610;&#1575;&#1606;&#1610; /</subfield><subfield code="c">&#1571;&#1581;&#1605;&#1583; &#1575;&#1604;&#1603;&#1585;&#1583;&#1610;&#1548; &#1571;&#1581;&#1605;&#1583; &#1605;&#1591;&#1575;&#1593; &#1602;&#1576;&#1575;&#1606;&#1610;.</subfield></datafield><datafield ind1=" " ind2=" " tag="880"><subfield code="6">260-03/r</subfield><subfield code="a">[&#1583;&#1605;&#1588;&#1602;] :</subfield><subfield code="b">[&#1587;.&#1606;.]&#1548;</subfield><subfield code="c">[196-?]</subfield></datafield><datafield ind1="0" ind2="4" tag="880"><subfield code="6">600-04/r</subfield><subfield code="a">&#1575;&#1605;&#1585;&#1572; &#1575;&#1604;&#1602;&#1610;&#1587;&#1548;</subfield><subfield code="d">497-545.</subfield></datafield><datafield ind1="0" ind2="4" tag="880"><subfield code="6">600-05/r</subfield><subfield code="a">&#1575;&#1608;&#1587; &#1576;&#1606; &#1581;&#1580;&#1585;&#1548;</subfield><subfield code="d">active 6th century.</subfield></datafield><datafield ind1="0" ind2="4" tag="880"><subfield code="6">600-06/r</subfield><subfield code="a">&#1586;&#1607;&#1610;&#1585; &#1576;&#1606; &#1575;&#1576;&#1610; &#1587;&#1604;&#1605;&#1609;.</subfield></datafield><datafield ind1="0" ind2="0" tag="880"><subfield code="6">600-07/r</subfield><subfield code="a">&#1606;&#1575;&#1576;&#1594;&#1577; &#1575;&#1604;&#1584;&#1576;&#1610;&#1575;&#1606;&#1610;&#1548;</subfield><subfield code="d">active 6th century.</subfield></datafield><datafield ind1="1" ind2=" " tag="880"><subfield code="6">700-08/r</subfield><subfield code="a">&#1602;&#1576;&#1575;&#1606;&#1610;&#1548; &#1571;&#1581;&#1605;&#1583; &#1605;&#1591;&#1575;&#1593;.</subfield></datafield><datafield ind1=" " ind2=" " tag="959"><subfield code="a">NNU</subfield><subfield code="b">WEB</subfield><subfield code="c">GENI</subfield><subfield code="t">0</subfield><subfield code="m">Electronic access</subfield><subfield code="s">01</subfield></datafield><datafield ind1=" " ind2=" " tag="999"><subfield code="i">NIC_3526713</subfield><subfield code="o">(OCoLC)ocm13120492</subfield></datafield></record>